@book{rabiner2011theory,
  title={Theory and Applications of Digital Speech Processing},
  author={Rabiner, L.R. and Schafer, R.W.},
  isbn={9780136034285},
  lccn={2009048536},
  year={2011},
  publisher={Pearson}
}

@book{bishop2006pattern,
  title={Pattern Recognition and Machine Learning},
  author={Bishop, C.M.},
  isbn={9780387310732},
  lccn={2006922522},
  series={Information Science and Statistics},
  year={2006},
  publisher={Springer}
}

    
@book{human-hearing,
  title={Essentials of Audiology},
  author={Gelfand, S.A.},
  isbn={9781604061550},
  year={2011},
  publisher={Thieme}
}

@misc{RenderSc92:online,
author = {},
title = {RenderScript | Android Developers},
url = {https://developer.android.com/guide/topics/renderscript/compute.html},
note = {(Navštíveno 15.11.2017)}
}


@ARTICLE{1937ASAJ....8..185S,
   author = {{Stevens}, S.~S.},
    title = "{A Scale for the Measurement of the Psychological Magnitude Pitch}",
  journal = {Acoustical Society of America Journal},
     year = 1937,
   volume = 8,
      doi = {10.1121/1.1915893},
}

@book{9780073039381,
  Author = {Ronald Bracewell},
  Title = {The Fourier Transform \& Its Applications},
  Publisher = {McGraw-Hill Science/Engineering/Math},
  Year = {1999},
  ISBN = {0073039381},
}

@inproceedings{Rousseau2014EnhancingTT,
  title={Enhancing the TED-LIUM Corpus with Selected Data for Language Modeling and More TED Talks},
  author={Anthony Rousseau and Paul Del{\'e}glise and Yannick Est{\`e}ve},
  booktitle={LREC},
  year={2014}
}

@inproceedings{YoungN1989TokenP,
  title={Token Passing : a Simple Conceptual Model for ConnectedSpeech Recognition},
  author={J. YoungN and H. RussellJ and H. S ThorntonCambridge},
  year={1989}
}

@misc{doug, 
title={ngram-format}, 
url={http://www.speech.sri.com/projects/srilm/manpages/ngram-format.5.html}, 
author={Doug, Paul},
note = {(Navštíveno 20.4.2018)}
}

@BOOK{psutka,
 author = {Psutka, J. and M\"{u}ller, L. and Matou\v{s}ek, J. and Radov\'{a}, V.},
 title = {Mluv\'{i}me s po\v{c}\'{i}ta\v{c}em \v{c}esky},
 year = {2006},
 publisher = {Academia},
 ISBN = {80-200-1309-1},
}